<record><leader>00000cas a22000007a 4500</leader><controlfield tag="001">49800664</controlfield><controlfield tag="008">020516d190819uuvauwr ne      0    0eng d</controlfield><datafield ind1=" " ind2=" " tag="010"><subfield code="a">sn2002061857</subfield></datafield><datafield ind1=" " ind2=" " tag="040"><subfield code="a">NVK</subfield><subfield code="b">eng</subfield><subfield code="c">NVK</subfield><subfield code="d">OCLCQ</subfield><subfield code="d">OCLCF</subfield><subfield code="d">OCLCO</subfield></datafield><datafield ind1="1" ind2=" " tag="029"><subfield code="a">AU@</subfield><subfield code="b">000023602993</subfield></datafield><datafield ind1=" " ind2=" " tag="042"><subfield code="a">msc</subfield></datafield><datafield ind1=" " ind2=" " tag="043"><subfield code="a">n-us-va</subfield></datafield><datafield ind1="0" ind2=" " tag="130"><subfield code="a">Covington dispatch (Covington, Va.)</subfield></datafield><datafield ind1="1" ind2="0" tag="245"><subfield code="a">Covington dispatch.</subfield></datafield><datafield ind1=" " ind2=" " tag="260"><subfield code="a">Covington, Va. :</subfield><subfield code="b">M.G. Russell</subfield></datafield><datafield ind1=" " ind2=" " tag="300"><subfield code="a">v.</subfield></datafield><datafield ind1=" " ind2=" " tag="310"><subfield code="a">Weekly</subfield></datafield><datafield ind1="1" ind2=" " tag="362"><subfield code="a">Began in 1908.</subfield></datafield><datafield ind1=" " ind2=" " tag="580"><subfield code="a">R.F. Beirne obtained control of the Covington dispatch in 1914 and published it as a weekly ed. of the Covington Virginian.</subfield></datafield><datafield ind1=" " ind2=" " tag="588"><subfield code="a">Description based on: Vol. 5, no. 43 (July 18, 1913).</subfield></datafield><datafield ind1=" " ind2="0" tag="651"><subfield code="a">Covington (Va.)</subfield><subfield code="v">Newspapers.</subfield></datafield><datafield ind1=" " ind2="0" tag="651"><subfield code="a">Alleghany County (Va.)</subfield><subfield code="v">Newspapers.</subfield></datafield><datafield ind1=" " ind2="7" tag="655"><subfield code="a">Newspapers.</subfield><subfield code="2">fast</subfield><subfield code="0">(OCoLC)fst01423814</subfield></datafield><datafield ind1=" " ind2="7" tag="651"><subfield code="a">Virginia</subfield><subfield code="z">Alleghany County.</subfield><subfield code="2">fast</subfield><subfield code="0">(OCoLC)fst01221757</subfield></datafield><datafield ind1=" " ind2="7" tag="651"><subfield code="a">Virginia</subfield><subfield code="z">Covington.</subfield><subfield code="2">fast</subfield><subfield code="0">(OCoLC)fst01222282</subfield></datafield><datafield ind1=" " ind2=" " tag="752"><subfield code="a">United States</subfield><subfield code="b">Virginia</subfield><subfield code="d">Covington.</subfield></datafield><datafield ind1="1" ind2=" " tag="775"><subfield code="t">Covington Virginian</subfield><subfield code="w">(DLC)sn 96096521</subfield></datafield><datafield ind1=" " ind2=" " tag="936"><subfield code="a">Vol. 15, no. 43 (July 18, 1913)</subfield></datafield></record>